1111111111111111111111111111111111111111111111111111111111111111111
2222222222222222222222222222222222222222222222222222222222222222222
33333333333333333333333333333333
kkkkkkkkkkmaster test 4444444444444444444444444444444444444444
hdhdhdhdhdhdhdhdh4444444444444444444444444444444444444444
hot-fix
hot-fix test
hot-fix-01
hot-fix-02
hot-fix-03
a1
a1
a1
aaaaaa
sssssss
